@article{
	bel97, 
	author = {Belhumeur, P.N. and Hespanha, J.P. and Kriegman, D.}, 
	journal = {Pattern Analysis and Machine Intelligence, IEEE Transactions on}, 
	title = {Eigenfaces vs. Fisherfaces: recognition using class specific linear projection}, 
	year = {1997}, 
	volume = {19}, 
	number = {7}, 
	pages = {711-720}, 
	keywords = {face recognition;pattern classification;3D linear subspace;Fisherfaces;Lambertian surface;class specific linear projection;computational requirements;eigenfaces;face recognition;facial expression insensitivity;high-dimensional space;lighting direction insensitivity;linear discriminant;linear projection;low-dimensional subspace;pattern classification;Error analysis;Face detection;Face recognition;Light scattering;Light sources;Lighting;Pattern classification;Pixel;Principal component analysis;Shadow mapping}, 
	doi = {10.1109/34.598228}, 
	ISSN = {0162-8828},
}

@article{
	tur91,
	title = {Eigenfaces for Recognition},
 	volume = {3},
 	url = {http://dx.doi.org/10.1162/jocn.1991.3.1.71},
 	number = {1},
 	journal = {Journal of Cognitive Neuroscience},
 	publisher = {MIT Press},
 	author = {Turk, Matthew and Pentland, Alex},
 	year = {1991},
 	month = {Jan},
 	pages = {71-86},
}

@book{
	mur12,
	Author = {Kevin P. Murphy},
	Title = {Machine Learning: A Probabilistic Perspective (Adaptive Computation and Machine Learning series)},
	Publisher = {The MIT Press},
	Year = {2012},
	ISBN = {0262018020},
	URL = {http://www.amazon.com/Machine-Learning-Probabilistic-Perspective-Computation/dp/0262018020%3FSubscriptionId%3D0JYN1NVW651KCA56C102%26tag%3Dtechkie-20%26linkCode%3Dxm2%26camp%3D2025%26creative%3D165953%26creativeASIN%3D0262018020}
}

@article{
	ski11,
	title={Scikit-learn: Machine Learning in {P}ython},
	author={Pedregosa, F. and Varoquaux, G. and Gramfort, A. and Michel, V.
	     and Thirion, B. and Grisel, O. and Blondel, M. and Prettenhofer, P.
	     and Weiss, R. and Dubourg, V. and Vanderplas, J. and Passos, A. and
	     Cournapeau, D. and Brucher, M. and Perrot, M. and Duchesnay, E.},
	journal={Journal of Machine Learning Research},
	volume={12},
	pages={2825--2830},
	year={2011}
}